%YAML 1.1
%TAG !u! tag:unity3d.com,2011:
--- !u!29 &1
OcclusionCullingSettings:
  m_ObjectHideFlags: 0
  serializedVersion: 2
  m_OcclusionBakeSettings:
    smallestOccluder: 5
    smallestHole: 0.25
    backfaceThreshold: 100
  m_SceneGUID: 00000000000000000000000000000000
  m_OcclusionCullingData: {fileID: 0}
--- !u!104 &2
RenderSettings:
  m_ObjectHideFlags: 0
  serializedVersion: 8
  m_Fog: 0
  m_FogColor: {r: 0.5, g: 0.5, b: 0.5, a: 1}
  m_FogMode: 3
  m_FogDensity: 0.01
  m_LinearFogStart: 0
  m_LinearFogEnd: 300
  m_AmbientSkyColor: {r: 0.212, g: 0.227, b: 0.259, a: 1}
  m_AmbientEquatorColor: {r: 0.114, g: 0.125, b: 0.133, a: 1}
  m_AmbientGroundColor: {r: 0.047, g: 0.043, b: 0.035, a: 1}
  m_AmbientIntensity: 1
  m_AmbientMode: 3
  m_SubtractiveShadowColor: {r: 0.42, g: 0.478, b: 0.627, a: 1}
  m_SkyboxMaterial: {fileID: 0}
  m_HaloStrength: 0.5
  m_FlareStrength: 1
  m_FlareFadeSpeed: 3
  m_HaloTexture: {fileID: 0}
  m_SpotCookie: {fileID: 10001, guid: 0000000000000000e000000000000000, type: 0}
  m_DefaultReflectionMode: 0
  m_DefaultReflectionResolution: 128
  m_ReflectionBounces: 1
  m_ReflectionIntensity: 1
  m_CustomReflection: {fileID: 0}
  m_Sun: {fileID: 0}
  m_IndirectSpecularColor: {r: 0, g: 0, b: 0, a: 1}
--- !u!157 &3
LightmapSettings:
  m_ObjectHideFlags: 0
  serializedVersion: 11
  m_GIWorkflowMode: 1
  m_GISettings:
    serializedVersion: 2
    m_BounceScale: 1
    m_IndirectOutputScale: 1
    m_AlbedoBoost: 1
    m_TemporalCoherenceThreshold: 1
    m_EnvironmentLightingMode: 0
    m_EnableBakedLightmaps: 0
    m_EnableRealtimeLightmaps: 0
  m_LightmapEditorSettings:
    serializedVersion: 9
    m_Resolution: 2
    m_BakeResolution: 40
    m_TextureWidth: 1024
    m_TextureHeight: 1024
    m_AO: 0
    m_AOMaxDistance: 1
    m_CompAOExponent: 1
    m_CompAOExponentDirect: 0
    m_Padding: 2
    m_LightmapParameters: {fileID: 0}
    m_LightmapsBakeMode: 1
    m_TextureCompression: 1
    m_FinalGather: 0
    m_FinalGatherFiltering: 1
    m_FinalGatherRayCount: 256
    m_ReflectionCompression: 2
    m_MixedBakeMode: 2
    m_BakeBackend: 0
    m_PVRSampling: 1
    m_PVRDirectSampleCount: 32
    m_PVRSampleCount: 500
    m_PVRBounces: 2
    m_PVRFilterTypeDirect: 0
    m_PVRFilterTypeIndirect: 0
    m_PVRFilterTypeAO: 0
    m_PVRFilteringMode: 1
    m_PVRCulling: 1
    m_PVRFilteringGaussRadiusDirect: 1
    m_PVRFilteringGaussRadiusIndirect: 5
    m_PVRFilteringGaussRadiusAO: 2
    m_PVRFilteringAtrousPositionSigmaDirect: 0.5
    m_PVRFilteringAtrousPositionSigmaIndirect: 2
    m_PVRFilteringAtrousPositionSigmaAO: 1
    m_ShowResolutionOverlay: 1
  m_LightingDataAsset: {fileID: 0}
  m_UseShadowmask: 1
--- !u!196 &4
NavMeshSettings:
  serializedVersion: 2
  m_ObjectHideFlags: 0
  m_BuildSettings:
    serializedVersion: 2
    agentTypeID: 0
    agentRadius: 0.5
    agentHeight: 2
    agentSlope: 45
    agentClimb: 0.4
    ledgeDropHeight: 0
    maxJumpAcrossDistance: 0
    minRegionArea: 2
    manualCellSize: 0
    cellSize: 0.16666667
    manualTileSize: 0
    tileSize: 256
    accuratePlacement: 0
    debug:
      m_Flags: 0
  m_NavMeshData: {fileID: 0}
--- !u!1001 &249751210
Prefab:
  m_ObjectHideFlags: 0
  serializedVersion: 2
  m_Modification:
    m_TransformParent: {fileID: 0}
    m_Modifications:
    - target: {fileID: 4165309450807062, guid: 2d9e4354447136f49b950b26208041c4, type: 2}
      propertyPath: m_LocalPosition.x
      value: -7.1979046
      objectReference: {fileID: 0}
    - target: {fileID: 4165309450807062, guid: 2d9e4354447136f49b950b26208041c4, type: 2}
      propertyPath: m_LocalPosition.y
      value: -3.7749114
      objectReference: {fileID: 0}
    - target: {fileID: 4165309450807062, guid: 2d9e4354447136f49b950b26208041c4, type: 2}
      propertyPath: m_LocalPosition.z
      value: 0
      objectReference: {fileID: 0}
    - target: {fileID: 4165309450807062, guid: 2d9e4354447136f49b950b26208041c4, type: 2}
      propertyPath: m_LocalRotation.x
      value: 0
      objectReference: {fileID: 0}
    - target: {fileID: 4165309450807062, guid: 2d9e4354447136f49b950b26208041c4, type: 2}
      propertyPath: m_LocalRotation.y
      value: 0
      objectReference: {fileID: 0}
    - target: {fileID: 4165309450807062, guid: 2d9e4354447136f49b950b26208041c4, type: 2}
      propertyPath: m_LocalRotation.z
      value: 0
      objectReference: {fileID: 0}
    - target: {fileID: 4165309450807062, guid: 2d9e4354447136f49b950b26208041c4, type: 2}
      propertyPath: m_LocalRotation.w
      value: 1
      objectReference: {fileID: 0}
    - target: {fileID: 4165309450807062, guid: 2d9e4354447136f49b950b26208041c4, type: 2}
      propertyPath: m_RootOrder
      value: 4
      objectReference: {fileID: 0}
    m_RemovedComponents: []
  m_ParentPrefab: {fileID: 100100000, guid: 2d9e4354447136f49b950b26208041c4, type: 2}
  m_IsPrefabParent: 0
--- !u!1001 &423752436
Prefab:
  m_ObjectHideFlags: 0
  serializedVersion: 2
  m_Modification:
    m_TransformParent: {fileID: 0}
    m_Modifications:
    - target: {fileID: 4804819365752910, guid: a34c3dba945f6ea4da9110f9d36730e2, type: 2}
      propertyPath: m_LocalPosition.x
      value: -1.04
      objectReference: {fileID: 0}
    - target: {fileID: 4804819365752910, guid: a34c3dba945f6ea4da9110f9d36730e2, type: 2}
      propertyPath: m_LocalPosition.y
      value: -4.41
      objectReference: {fileID: 0}
    - target: {fileID: 4804819365752910, guid: a34c3dba945f6ea4da9110f9d36730e2, type: 2}
      propertyPath: m_LocalPosition.z
      value: -0.22
      objectReference: {fileID: 0}
    - target: {fileID: 4804819365752910, guid: a34c3dba945f6ea4da9110f9d36730e2, type: 2}
      propertyPath: m_LocalRotation.x
      value: 0
      objectReference: {fileID: 0}
    - target: {fileID: 4804819365752910, guid: a34c3dba945f6ea4da9110f9d36730e2, type: 2}
      propertyPath: m_LocalRotation.y
      value: 0
      objectReference: {fileID: 0}
    - target: {fileID: 4804819365752910, guid: a34c3dba945f6ea4da9110f9d36730e2, type: 2}
      propertyPath: m_LocalRotation.z
      value: 0
      objectReference: {fileID: 0}
    - target: {fileID: 4804819365752910, guid: a34c3dba945f6ea4da9110f9d36730e2, type: 2}
      propertyPath: m_LocalRotation.w
      value: 1
      objectReference: {fileID: 0}
    - target: {fileID: 4804819365752910, guid: a34c3dba945f6ea4da9110f9d36730e2, type: 2}
      propertyPath: m_RootOrder
      value: 12
      objectReference: {fileID: 0}
    - target: {fileID: 1151414100182574, guid: a34c3dba945f6ea4da9110f9d36730e2, type: 2}
      propertyPath: m_Name
      value: EnemyPoint (2)
      objectReference: {fileID: 0}
    m_RemovedComponents: []
  m_ParentPrefab: {fileID: 100100000, guid: a34c3dba945f6ea4da9110f9d36730e2, type: 2}
  m_IsPrefabParent: 0
--- !u!1001 &437452150
Prefab:
  m_ObjectHideFlags: 0
  serializedVersion: 2
  m_Modification:
    m_TransformParent: {fileID: 0}
    m_Modifications:
    - target: {fileID: 224494288549258506, guid: 7afb23351dda94541bd846fbf96f94b8,
        type: 2}
      propertyPath: m_LocalPosition.x
      value: 0
      objectReference: {fileID: 0}
    - target: {fileID: 224494288549258506, guid: 7afb23351dda94541bd846fbf96f94b8,
        type: 2}
      propertyPath: m_LocalPosition.y
      value: 0
      objectReference: {fileID: 0}
    - target: {fileID: 224494288549258506, guid: 7afb23351dda94541bd846fbf96f94b8,
        type: 2}
      propertyPath: m_LocalPosition.z
      value: 0
      objectReference: {fileID: 0}
    - target: {fileID: 224494288549258506, guid: 7afb23351dda94541bd846fbf96f94b8,
        type: 2}
      propertyPath: m_LocalRotation.x
      value: 0
      objectReference: {fileID: 0}
    - target: {fileID: 224494288549258506, guid: 7afb23351dda94541bd846fbf96f94b8,
        type: 2}
      propertyPath: m_LocalRotation.y
      value: 0
      objectReference: {fileID: 0}
    - target: {fileID: 224494288549258506, guid: 7afb23351dda94541bd846fbf96f94b8,
        type: 2}
      propertyPath: m_LocalRotation.z
      value: 0
      objectReference: {fileID: 0}
    - target: {fileID: 224494288549258506, guid: 7afb23351dda94541bd846fbf96f94b8,
        type: 2}
      propertyPath: m_LocalRotation.w
      value: 1
      objectReference: {fileID: 0}
    - target: {fileID: 224494288549258506, guid: 7afb23351dda94541bd846fbf96f94b8,
        type: 2}
      propertyPath: m_RootOrder
      value: 9
      objectReference: {fileID: 0}
    - target: {fileID: 224494288549258506, guid: 7afb23351dda94541bd846fbf96f94b8,
        type: 2}
      propertyPath: m_AnchoredPosition.x
      value: 0
      objectReference: {fileID: 0}
    - target: {fileID: 224494288549258506, guid: 7afb23351dda94541bd846fbf96f94b8,
        type: 2}
      propertyPath: m_AnchoredPosition.y
      value: 0
      objectReference: {fileID: 0}
    - target: {fileID: 224494288549258506, guid: 7afb23351dda94541bd846fbf96f94b8,
        type: 2}
      propertyPath: m_SizeDelta.x
      value: 0
      objectReference: {fileID: 0}
    - target: {fileID: 224494288549258506, guid: 7afb23351dda94541bd846fbf96f94b8,
        type: 2}
      propertyPath: m_SizeDelta.y
      value: 0
      objectReference: {fileID: 0}
    - target: {fileID: 224494288549258506, guid: 7afb23351dda94541bd846fbf96f94b8,
        type: 2}
      propertyPath: m_AnchorMin.x
      value: 0
      objectReference: {fileID: 0}
    - target: {fileID: 224494288549258506, guid: 7afb23351dda94541bd846fbf96f94b8,
        type: 2}
      propertyPath: m_AnchorMin.y
      value: 0
      objectReference: {fileID: 0}
    - target: {fileID: 224494288549258506, guid: 7afb23351dda94541bd846fbf96f94b8,
        type: 2}
      propertyPath: m_AnchorMax.x
      value: 0
      objectReference: {fileID: 0}
    - target: {fileID: 224494288549258506, guid: 7afb23351dda94541bd846fbf96f94b8,
        type: 2}
      propertyPath: m_AnchorMax.y
      value: 0
      objectReference: {fileID: 0}
    - target: {fileID: 224494288549258506, guid: 7afb23351dda94541bd846fbf96f94b8,
        type: 2}
      propertyPath: m_Pivot.x
      value: 0
      objectReference: {fileID: 0}
    - target: {fileID: 224494288549258506, guid: 7afb23351dda94541bd846fbf96f94b8,
        type: 2}
      propertyPath: m_Pivot.y
      value: 0
      objectReference: {fileID: 0}
    - target: {fileID: 1050898561745496, guid: 7afb23351dda94541bd846fbf96f94b8, type: 2}
      propertyPath: m_IsActive
      value: 1
      objectReference: {fileID: 0}
    - target: {fileID: 114454667058477682, guid: 7afb23351dda94541bd846fbf96f94b8,
        type: 2}
      propertyPath: m_Text
      value: 'Level: 5'
      objectReference: {fileID: 0}
    m_RemovedComponents: []
  m_ParentPrefab: {fileID: 100100000, guid: 7afb23351dda94541bd846fbf96f94b8, type: 2}
  m_IsPrefabParent: 0
--- !u!4 &523653299 stripped
Transform:
  m_PrefabParentObject: {fileID: 4804819365752910, guid: a34c3dba945f6ea4da9110f9d36730e2,
    type: 2}
  m_PrefabInternal: {fileID: 1204841897}
--- !u!1 &561134585
GameObject:
  m_ObjectHideFlags: 0
  m_PrefabParentObject: {fileID: 0}
  m_PrefabInternal: {fileID: 0}
  serializedVersion: 5
  m_Component:
  - component: {fileID: 561134586}
  - component: {fileID: 561134587}
  m_Layer: 9
  m_Name: Directional light
  m_TagString: Untagged
  m_Icon: {fileID: 0}
  m_NavMeshLayer: 0
  m_StaticEditorFlags: 0
  m_IsActive: 1
--- !u!4 &561134586
Transform:
  m_ObjectHideFlags: 0
  m_PrefabParentObject: {fileID: 0}
  m_PrefabInternal: {fileID: 0}
  m_GameObject: {fileID: 561134585}
  m_LocalRotation: {x: -0, y: -0, z: -0, w: 1}
  m_LocalPosition: {x: -12.349998, y: 2.7699997, z: 0}
  m_LocalScale: {x: 1, y: 1, z: 1}
  m_Children: []
  m_Father: {fileID: 0}
  m_RootOrder: 8
  m_LocalEulerAnglesHint: {x: 50, y: -30, z: 0}
--- !u!108 &561134587
Light:
  m_ObjectHideFlags: 0
  m_PrefabParentObject: {fileID: 0}
  m_PrefabInternal: {fileID: 0}
  m_GameObject: {fileID: 561134585}
  m_Enabled: 1
  serializedVersion: 8
  m_Type: 1
  m_Color: {r: 1, g: 1, b: 1, a: 1}
  m_Intensity: 1
  m_Range: 10
  m_SpotAngle: 30
  m_CookieSize: 10
  m_Shadows:
    m_Type: 0
    m_Resolution: -1
    m_CustomResolution: -1
    m_Strength: 1
    m_Bias: 0.05
    m_NormalBias: 0.4
    m_NearPlane: 0.2
  m_Cookie: {fileID: 0}
  m_DrawHalo: 0
  m_Flare: {fileID: 0}
  m_RenderMode: 0
  m_CullingMask:
    serializedVersion: 2
    m_Bits: 4294967295
  m_Lightmapping: 4
  m_AreaSize: {x: 1, y: 1}
  m_BounceIntensity: 1
  m_ColorTemperature: 6570
  m_UseColorTemperature: 0
  m_ShadowRadius: 0
  m_ShadowAngle: 0
--- !u!4 &712954441 stripped
Transform:
  m_PrefabParentObject: {fileID: 4810379273772896, guid: babab957387039343adbe326ff45b263,
    type: 2}
  m_PrefabInternal: {fileID: 1276050359}
--- !u!1001 &809033443
Prefab:
  m_ObjectHideFlags: 0
  serializedVersion: 2
  m_Modification:
    m_TransformParent: {fileID: 0}
    m_Modifications:
    - target: {fileID: 4004973004106376, guid: a8a088215cd5afd42beb97541d6492cd, type: 2}
      propertyPath: m_LocalPosition.x
      value: 367.56577
      objectReference: {fileID: 0}
    - target: {fileID: 4004973004106376, guid: a8a088215cd5afd42beb97541d6492cd, type: 2}
      propertyPath: m_LocalPosition.y
      value: 222.48772
      objectReference: {fileID: 0}
    - target: {fileID: 4004973004106376, guid: a8a088215cd5afd42beb97541d6492cd, type: 2}
      propertyPath: m_LocalPosition.z
      value: 0
      objectReference: {fileID: 0}
    - target: {fileID: 4004973004106376, guid: a8a088215cd5afd42beb97541d6492cd, type: 2}
      propertyPath: m_LocalRotation.x
      value: 0
      objectReference: {fileID: 0}
    - target: {fileID: 4004973004106376, guid: a8a088215cd5afd42beb97541d6492cd, type: 2}
      propertyPath: m_LocalRotation.y
      value: 0
      objectReference: {fileID: 0}
    - target: {fileID: 4004973004106376, guid: a8a088215cd5afd42beb97541d6492cd, type: 2}
      propertyPath: m_LocalRotation.z
      value: 0
      objectReference: {fileID: 0}
    - target: {fileID: 4004973004106376, guid: a8a088215cd5afd42beb97541d6492cd, type: 2}
      propertyPath: m_LocalRotation.w
      value: 1
      objectReference: {fileID: 0}
    - target: {fileID: 4004973004106376, guid: a8a088215cd5afd42beb97541d6492cd, type: 2}
      propertyPath: m_RootOrder
      value: 10
      objectReference: {fileID: 0}
    - target: {fileID: 114446075818525502, guid: a8a088215cd5afd42beb97541d6492cd,
        type: 2}
      propertyPath: nextSceneName
      value: endScreen
      objectReference: {fileID: 0}
    - target: {fileID: 114446075818525502, guid: a8a088215cd5afd42beb97541d6492cd,
        type: 2}
      propertyPath: looseScreen
      value: 
      objectReference: {fileID: 1525932219}
    m_RemovedComponents: []
  m_ParentPrefab: {fileID: 100100000, guid: a8a088215cd5afd42beb97541d6492cd, type: 2}
  m_IsPrefabParent: 0
--- !u!114 &870019244 stripped
MonoBehaviour:
  m_PrefabParentObject: {fileID: 114446075818525502, guid: a8a088215cd5afd42beb97541d6492cd,
    type: 2}
  m_PrefabInternal: {fileID: 809033443}
  m_Script: {fileID: 11500000, guid: 169b9de3158a50b4f987c98e16757b8f, type: 3}
--- !u!1 &916464067
GameObject:
  m_ObjectHideFlags: 0
  m_PrefabParentObject: {fileID: 0}
  m_PrefabInternal: {fileID: 0}
  serializedVersion: 5
  m_Component:
  - component: {fileID: 916464071}
  - component: {fileID: 916464070}
  - component: {fileID: 916464069}
  - component: {fileID: 916464068}
  m_Layer: 0
  m_Name: Main Camera
  m_TagString: MainCamera
  m_Icon: {fileID: 0}
  m_NavMeshLayer: 0
  m_StaticEditorFlags: 0
  m_IsActive: 1
--- !u!81 &916464068
AudioListener:
  m_ObjectHideFlags: 0
  m_PrefabParentObject: {fileID: 0}
  m_PrefabInternal: {fileID: 0}
  m_GameObject: {fileID: 916464067}
  m_Enabled: 1
--- !u!124 &916464069
Behaviour:
  m_ObjectHideFlags: 0
  m_PrefabParentObject: {fileID: 0}
  m_PrefabInternal: {fileID: 0}
  m_GameObject: {fileID: 916464067}
  m_Enabled: 1
--- !u!20 &916464070
Camera:
  m_ObjectHideFlags: 0
  m_PrefabParentObject: {fileID: 0}
  m_PrefabInternal: {fileID: 0}
  m_GameObject: {fileID: 916464067}
  m_Enabled: 1
  serializedVersion: 2
  m_ClearFlags: 1
  m_BackGroundColor: {r: 0.19215687, g: 0.3019608, b: 0.4745098, a: 0}
  m_NormalizedViewPortRect:
    serializedVersion: 2
    x: 0
    y: 0
    width: 1
    height: 1
  near clip plane: 0.3
  far clip plane: 1000
  field of view: 60
  orthographic: 1
  orthographic size: 5
  m_Depth: -1
  m_CullingMask:
    serializedVersion: 2
    m_Bits: 4294967039
  m_RenderingPath: -1
  m_TargetTexture: {fileID: 0}
  m_TargetDisplay: 0
  m_TargetEye: 3
  m_HDR: 1
  m_AllowMSAA: 1
  m_AllowDynamicResolution: 0
  m_ForceIntoRT: 0
  m_OcclusionCulling: 1
  m_StereoConvergence: 10
  m_StereoSeparation: 0.022
--- !u!4 &916464071
Transform:
  m_ObjectHideFlags: 0
  m_PrefabParentObject: {fileID: 0}
  m_PrefabInternal: {fileID: 0}
  m_GameObject: {fileID: 916464067}
  m_LocalRotation: {x: 0, y: 0, z: 0, w: 1}
  m_LocalPosition: {x: 0, y: 0, z: -10}
  m_LocalScale: {x: 1, y: 1, z: 1}
  m_Children: []
  m_Father: {fileID: 0}
  m_RootOrder: 0
  m_LocalEulerAnglesHint: {x: 0, y: 0, z: 0}
--- !u!4 &930708015 stripped
Transform:
  m_PrefabParentObject: {fileID: 4849103865627040, guid: babab957387039343adbe326ff45b263,
    type: 2}
  m_PrefabInternal: {fileID: 1276050359}
--- !u!1001 &1204841897
Prefab:
  m_ObjectHideFlags: 0
  serializedVersion: 2
  m_Modification:
    m_TransformParent: {fileID: 0}
    m_Modifications:
    - target: {fileID: 4804819365752910, guid: a34c3dba945f6ea4da9110f9d36730e2, type: 2}
      propertyPath: m_LocalPosition.x
      value: -4.41
      objectReference: {fileID: 0}
    - target: {fileID: 4804819365752910, guid: a34c3dba945f6ea4da9110f9d36730e2, type: 2}
      propertyPath: m_LocalPosition.y
      value: -1.8
      objectReference: {fileID: 0}
    - target: {fileID: 4804819365752910, guid: a34c3dba945f6ea4da9110f9d36730e2, type: 2}
      propertyPath: m_LocalPosition.z
      value: -0.22
      objectReference: {fileID: 0}
    - target: {fileID: 4804819365752910, guid: a34c3dba945f6ea4da9110f9d36730e2, type: 2}
      propertyPath: m_LocalRotation.x
      value: 0
      objectReference: {fileID: 0}
    - target: {fileID: 4804819365752910, guid: a34c3dba945f6ea4da9110f9d36730e2, type: 2}
      propertyPath: m_LocalRotation.y
      value: 0
      objectReference: {fileID: 0}
    - target: {fileID: 4804819365752910, guid: a34c3dba945f6ea4da9110f9d36730e2, type: 2}
      propertyPath: m_LocalRotation.z
      value: 0
      objectReference: {fileID: 0}
    - target: {fileID: 4804819365752910, guid: a34c3dba945f6ea4da9110f9d36730e2, type: 2}
      propertyPath: m_LocalRotation.w
      value: 1
      objectReference: {fileID: 0}
    - target: {fileID: 4804819365752910, guid: a34c3dba945f6ea4da9110f9d36730e2, type: 2}
      propertyPath: m_RootOrder
      value: 14
      objectReference: {fileID: 0}
    - target: {fileID: 1151414100182574, guid: a34c3dba945f6ea4da9110f9d36730e2, type: 2}
      propertyPath: m_Name
      value: EnemyPoint (3)
      objectReference: {fileID: 0}
    m_RemovedComponents: []
  m_ParentPrefab: {fileID: 100100000, guid: a34c3dba945f6ea4da9110f9d36730e2, type: 2}
  m_IsPrefabParent: 0
--- !u!4 &1207655486 stripped
Transform:
  m_PrefabParentObject: {fileID: 4881646748130544, guid: babab957387039343adbe326ff45b263,
    type: 2}
  m_PrefabInternal: {fileID: 1276050359}
--- !u!4 &1228791379 stripped
Transform:
  m_PrefabParentObject: {fileID: 4567831106792552, guid: babab957387039343adbe326ff45b263,
    type: 2}
  m_PrefabInternal: {fileID: 1276050359}
--- !u!1001 &1276050359
Prefab:
  m_ObjectHideFlags: 0
  serializedVersion: 2
  m_Modification:
    m_TransformParent: {fileID: 0}
    m_Modifications:
    - target: {fileID: 4679737407506230, guid: babab957387039343adbe326ff45b263, type: 2}
      propertyPath: m_LocalPosition.x
      value: 0
      objectReference: {fileID: 0}
    - target: {fileID: 4679737407506230, guid: babab957387039343adbe326ff45b263, type: 2}
      propertyPath: m_LocalPosition.y
      value: 0
      objectReference: {fileID: 0}
    - target: {fileID: 4679737407506230, guid: babab957387039343adbe326ff45b263, type: 2}
      propertyPath: m_LocalPosition.z
      value: 0.01
      objectReference: {fileID: 0}
    - target: {fileID: 4679737407506230, guid: babab957387039343adbe326ff45b263, type: 2}
      propertyPath: m_LocalRotation.x
      value: -0.70710576
      objectReference: {fileID: 0}
    - target: {fileID: 4679737407506230, guid: babab957387039343adbe326ff45b263, type: 2}
      propertyPath: m_LocalRotation.y
      value: -0
      objectReference: {fileID: 0}
    - target: {fileID: 4679737407506230, guid: babab957387039343adbe326ff45b263, type: 2}
      propertyPath: m_LocalRotation.z
      value: -0
      objectReference: {fileID: 0}
    - target: {fileID: 4679737407506230, guid: babab957387039343adbe326ff45b263, type: 2}
      propertyPath: m_LocalRotation.w
      value: 0.70710784
      objectReference: {fileID: 0}
    - target: {fileID: 4679737407506230, guid: babab957387039343adbe326ff45b263, type: 2}
      propertyPath: m_RootOrder
      value: 5
      objectReference: {fileID: 0}
    m_RemovedComponents: []
  m_ParentPrefab: {fileID: 100100000, guid: babab957387039343adbe326ff45b263, type: 2}
  m_IsPrefabParent: 0
--- !u!4 &1292846088 stripped
Transform:
  m_PrefabParentObject: {fileID: 4804819365752910, guid: a34c3dba945f6ea4da9110f9d36730e2,
    type: 2}
  m_PrefabInternal: {fileID: 423752436}
--- !u!1001 &1317784781
Prefab:
  m_ObjectHideFlags: 0
  serializedVersion: 2
  m_Modification:
    m_TransformParent: {fileID: 0}
    m_Modifications:
    - target: {fileID: 4804819365752910, guid: a34c3dba945f6ea4da9110f9d36730e2, type: 2}
      propertyPath: m_LocalPosition.x
      value: -1.13
      objectReference: {fileID: 0}
    - target: {fileID: 4804819365752910, guid: a34c3dba945f6ea4da9110f9d36730e2, type: 2}
      propertyPath: m_LocalPosition.y
      value: 3.57
      objectReference: {fileID: 0}
    - target: {fileID: 4804819365752910, guid: a34c3dba945f6ea4da9110f9d36730e2, type: 2}
      propertyPath: m_LocalPosition.z
      value: -0.22
      objectReference: {fileID: 0}
    - target: {fileID: 4804819365752910, guid: a34c3dba945f6ea4da9110f9d36730e2, type: 2}
      propertyPath: m_LocalRotation.x
      value: 0
      objectReference: {fileID: 0}
    - target: {fileID: 4804819365752910, guid: a34c3dba945f6ea4da9110f9d36730e2, type: 2}
      propertyPath: m_LocalRotation.y
      value: 0
      objectReference: {fileID: 0}
    - target: {fileID: 4804819365752910, guid: a34c3dba945f6ea4da9110f9d36730e2, type: 2}
      propertyPath: m_LocalRotation.z
      value: 0
      objectReference: {fileID: 0}
    - target: {fileID: 4804819365752910, guid: a34c3dba945f6ea4da9110f9d36730e2, type: 2}
      propertyPath: m_LocalRotation.w
      value: 1
      objectReference: {fileID: 0}
    - target: {fileID: 4804819365752910, guid: a34c3dba945f6ea4da9110f9d36730e2, type: 2}
      propertyPath: m_RootOrder
      value: 3
      objectReference: {fileID: 0}
    m_RemovedComponents: []
  m_ParentPrefab: {fileID: 100100000, guid: a34c3dba945f6ea4da9110f9d36730e2, type: 2}
  m_IsPrefabParent: 0
--- !u!4 &1317784782 stripped
Transform:
  m_PrefabParentObject: {fileID: 4804819365752910, guid: a34c3dba945f6ea4da9110f9d36730e2,
    type: 2}
  m_PrefabInternal: {fileID: 1317784781}
--- !u!1001 &1518512259
Prefab:
  m_ObjectHideFlags: 0
  serializedVersion: 2
  m_Modification:
    m_TransformParent: {fileID: 0}
    m_Modifications:
    - target: {fileID: 224599574269573996, guid: 81b0b4e302ae4a14aa1146363c8ac31b,
        type: 2}
      propertyPath: m_LocalPosition.x
      value: 0
      objectReference: {fileID: 0}
    - target: {fileID: 224599574269573996, guid: 81b0b4e302ae4a14aa1146363c8ac31b,
        type: 2}
      propertyPath: m_LocalPosition.y
      value: 0
      objectReference: {fileID: 0}
    - target: {fileID: 224599574269573996, guid: 81b0b4e302ae4a14aa1146363c8ac31b,
        type: 2}
      propertyPath: m_LocalPosition.z
      value: -0.10022393
      objectReference: {fileID: 0}
    - target: {fileID: 224599574269573996, guid: 81b0b4e302ae4a14aa1146363c8ac31b,
        type: 2}
      propertyPath: m_LocalRotation.x
      value: 0
      objectReference: {fileID: 0}
    - target: {fileID: 224599574269573996, guid: 81b0b4e302ae4a14aa1146363c8ac31b,
        type: 2}
      propertyPath: m_LocalRotation.y
      value: 0
      objectReference: {fileID: 0}
    - target: {fileID: 224599574269573996, guid: 81b0b4e302ae4a14aa1146363c8ac31b,
        type: 2}
      propertyPath: m_LocalRotation.z
      value: 0
      objectReference: {fileID: 0}
    - target: {fileID: 224599574269573996, guid: 81b0b4e302ae4a14aa1146363c8ac31b,
        type: 2}
      propertyPath: m_LocalRotation.w
      value: 1
      objectReference: {fileID: 0}
    - target: {fileID: 224599574269573996, guid: 81b0b4e302ae4a14aa1146363c8ac31b,
        type: 2}
      propertyPath: m_RootOrder
      value: 2
      objectReference: {fileID: 0}
    - target: {fileID: 224599574269573996, guid: 81b0b4e302ae4a14aa1146363c8ac31b,
        type: 2}
      propertyPath: m_AnchoredPosition.x
      value: 6.36
      objectReference: {fileID: 0}
    - target: {fileID: 224599574269573996, guid: 81b0b4e302ae4a14aa1146363c8ac31b,
        type: 2}
      propertyPath: m_AnchoredPosition.y
      value: -2.19
      objectReference: {fileID: 0}
    - target: {fileID: 224599574269573996, guid: 81b0b4e302ae4a14aa1146363c8ac31b,
        type: 2}
      propertyPath: m_SizeDelta.x
      value: 512
      objectReference: {fileID: 0}
    - target: {fileID: 224599574269573996, guid: 81b0b4e302ae4a14aa1146363c8ac31b,
        type: 2}
      propertyPath: m_SizeDelta.y
      value: 512
      objectReference: {fileID: 0}
    - target: {fileID: 224599574269573996, guid: 81b0b4e302ae4a14aa1146363c8ac31b,
        type: 2}
      propertyPath: m_AnchorMin.x
      value: 0.5
      objectReference: {fileID: 0}
    - target: {fileID: 224599574269573996, guid: 81b0b4e302ae4a14aa1146363c8ac31b,
        type: 2}
      propertyPath: m_AnchorMin.y
      value: 0.5
      objectReference: {fileID: 0}
    - target: {fileID: 224599574269573996, guid: 81b0b4e302ae4a14aa1146363c8ac31b,
        type: 2}
      propertyPath: m_AnchorMax.x
      value: 0.5
      objectReference: {fileID: 0}
    - target: {fileID: 224599574269573996, guid: 81b0b4e302ae4a14aa1146363c8ac31b,
        type: 2}
      propertyPath: m_AnchorMax.y
      value: 0.5
      objectReference: {fileID: 0}
    - target: {fileID: 224599574269573996, guid: 81b0b4e302ae4a14aa1146363c8ac31b,
        type: 2}
      propertyPath: m_Pivot.x
      value: 0.5
      objectReference: {fileID: 0}
    - target: {fileID: 224599574269573996, guid: 81b0b4e302ae4a14aa1146363c8ac31b,
        type: 2}
      propertyPath: m_Pivot.y
      value: 0.5
      objectReference: {fileID: 0}
    - target: {fileID: 114135672370201106, guid: 81b0b4e302ae4a14aa1146363c8ac31b,
        type: 2}
      propertyPath: endPointOne
      value: 
      objectReference: {fileID: 1709527162}
    - target: {fileID: 114135672370201106, guid: 81b0b4e302ae4a14aa1146363c8ac31b,
        type: 2}
      propertyPath: endPointTwo
      value: 
      objectReference: {fileID: 1317784782}
    - target: {fileID: 114135672370201106, guid: 81b0b4e302ae4a14aa1146363c8ac31b,
        type: 2}
      propertyPath: goals.Array.data[0]
      value: 
      objectReference: {fileID: 712954441}
    - target: {fileID: 114135672370201106, guid: 81b0b4e302ae4a14aa1146363c8ac31b,
        type: 2}
      propertyPath: goals.Array.data[1]
      value: 
      objectReference: {fileID: 930708015}
    - target: {fileID: 114135672370201106, guid: 81b0b4e302ae4a14aa1146363c8ac31b,
        type: 2}
      propertyPath: goals.Array.data[2]
      value: 
      objectReference: {fileID: 1228791379}
    - target: {fileID: 114135672370201106, guid: 81b0b4e302ae4a14aa1146363c8ac31b,
        type: 2}
      propertyPath: goals.Array.data[3]
      value: 
      objectReference: {fileID: 1207655486}
    - target: {fileID: 114135672370201106, guid: 81b0b4e302ae4a14aa1146363c8ac31b,
        type: 2}
      propertyPath: goals.Array.data[4]
      value: 
      objectReference: {fileID: 2038490973}
    m_RemovedComponents: []
  m_ParentPrefab: {fileID: 100100000, guid: 81b0b4e302ae4a14aa1146363c8ac31b, type: 2}
  m_IsPrefabParent: 0
--- !u!1 &1525932219 stripped
GameObject:
  m_PrefabParentObject: {fileID: 1592357156916906, guid: 3d5c00aefec344e4b8a0f82ae1581629,
    type: 2}
  m_PrefabInternal: {fileID: 1807504330}
--- !u!1001 &1620620146
Prefab:
  m_ObjectHideFlags: 0
  serializedVersion: 2
  m_Modification:
    m_TransformParent: {fileID: 0}
    m_Modifications:
    - target: {fileID: 224599574269573996, guid: 81b0b4e302ae4a14aa1146363c8ac31b,
        type: 2}
      propertyPath: m_LocalPosition.x
      value: 0
      objectReference: {fileID: 0}
    - target: {fileID: 224599574269573996, guid: 81b0b4e302ae4a14aa1146363c8ac31b,
        type: 2}
      propertyPath: m_LocalPosition.y
      value: 0
      objectReference: {fileID: 0}
    - target: {fileID: 224599574269573996, guid: 81b0b4e302ae4a14aa1146363c8ac31b,
        type: 2}
      propertyPath: m_LocalPosition.z
      value: -0.10022393
      objectReference: {fileID: 0}
    - target: {fileID: 224599574269573996, guid: 81b0b4e302ae4a14aa1146363c8ac31b,
        type: 2}
      propertyPath: m_LocalRotation.x
      value: 0
      objectReference: {fileID: 0}
    - target: {fileID: 224599574269573996, guid: 81b0b4e302ae4a14aa1146363c8ac31b,
        type: 2}
      propertyPath: m_LocalRotation.y
      value: 0
      objectReference: {fileID: 0}
    - target: {fileID: 224599574269573996, guid: 81b0b4e302ae4a14aa1146363c8ac31b,
        type: 2}
      propertyPath: m_LocalRotation.z
      value: 0
      objectReference: {fileID: 0}
    - target: {fileID: 224599574269573996, guid: 81b0b4e302ae4a14aa1146363c8ac31b,
        type: 2}
      propertyPath: m_LocalRotation.w
      value: 1
      objectReference: {fileID: 0}
    - target: {fileID: 224599574269573996, guid: 81b0b4e302ae4a14aa1146363c8ac31b,
        type: 2}
      propertyPath: m_RootOrder
      value: 13
      objectReference: {fileID: 0}
    - target: {fileID: 224599574269573996, guid: 81b0b4e302ae4a14aa1146363c8ac31b,
        type: 2}
      propertyPath: m_AnchoredPosition.x
      value: -4.18
      objectReference: {fileID: 0}
    - target: {fileID: 224599574269573996, guid: 81b0b4e302ae4a14aa1146363c8ac31b,
        type: 2}
      propertyPath: m_AnchoredPosition.y
      value: -1.7
      objectReference: {fileID: 0}
    - target: {fileID: 224599574269573996, guid: 81b0b4e302ae4a14aa1146363c8ac31b,
        type: 2}
      propertyPath: m_SizeDelta.x
      value: 512
      objectReference: {fileID: 0}
    - target: {fileID: 224599574269573996, guid: 81b0b4e302ae4a14aa1146363c8ac31b,
        type: 2}
      propertyPath: m_SizeDelta.y
      value: 512
      objectReference: {fileID: 0}
    - target: {fileID: 224599574269573996, guid: 81b0b4e302ae4a14aa1146363c8ac31b,
        type: 2}
      propertyPath: m_AnchorMin.x
      value: 0.5
      objectReference: {fileID: 0}
    - target: {fileID: 224599574269573996, guid: 81b0b4e302ae4a14aa1146363c8ac31b,
        type: 2}
      propertyPath: m_AnchorMin.y
      value: 0.5
      objectReference: {fileID: 0}
    - target: {fileID: 224599574269573996, guid: 81b0b4e302ae4a14aa1146363c8ac31b,
        type: 2}
      propertyPath: m_AnchorMax.x
      value: 0.5
      objectReference: {fileID: 0}
    - target: {fileID: 224599574269573996, guid: 81b0b4e302ae4a14aa1146363c8ac31b,
        type: 2}
      propertyPath: m_AnchorMax.y
      value: 0.5
      objectReference: {fileID: 0}
    - target: {fileID: 224599574269573996, guid: 81b0b4e302ae4a14aa1146363c8ac31b,
        type: 2}
      propertyPath: m_Pivot.x
      value: 0.5
      objectReference: {fileID: 0}
    - target: {fileID: 224599574269573996, guid: 81b0b4e302ae4a14aa1146363c8ac31b,
        type: 2}
      propertyPath: m_Pivot.y
      value: 0.5
      objectReference: {fileID: 0}
    - target: {fileID: 114135672370201106, guid: 81b0b4e302ae4a14aa1146363c8ac31b,
        type: 2}
      propertyPath: endPointOne
      value: 
      objectReference: {fileID: 1292846088}
    - target: {fileID: 114135672370201106, guid: 81b0b4e302ae4a14aa1146363c8ac31b,
        type: 2}
      propertyPath: endPointTwo
      value: 
      objectReference: {fileID: 523653299}
    - target: {fileID: 114135672370201106, guid: 81b0b4e302ae4a14aa1146363c8ac31b,
        type: 2}
      propertyPath: goals.Array.data[0]
      value: 
      objectReference: {fileID: 712954441}
    - target: {fileID: 114135672370201106, guid: 81b0b4e302ae4a14aa1146363c8ac31b,
        type: 2}
      propertyPath: goals.Array.data[1]
      value: 
      objectReference: {fileID: 930708015}
    - target: {fileID: 114135672370201106, guid: 81b0b4e302ae4a14aa1146363c8ac31b,
        type: 2}
      propertyPath: goals.Array.data[2]
      value: 
      objectReference: {fileID: 1228791379}
    - target: {fileID: 114135672370201106, guid: 81b0b4e302ae4a14aa1146363c8ac31b,
        type: 2}
      propertyPath: goals.Array.data[3]
      value: 
      objectReference: {fileID: 1207655486}
    - target: {fileID: 114135672370201106, guid: 81b0b4e302ae4a14aa1146363c8ac31b,
        type: 2}
      propertyPath: goals.Array.data[4]
      value: 
      objectReference: {fileID: 2038490973}
    - target: {fileID: 1650984828139962, guid: 81b0b4e302ae4a14aa1146363c8ac31b, type: 2}
      propertyPath: m_Name
      value: Enemy (1)
      objectReference: {fileID: 0}
    m_RemovedComponents: []
  m_ParentPrefab: {fileID: 100100000, guid: 81b0b4e302ae4a14aa1146363c8ac31b, type: 2}
  m_IsPrefabParent: 0
--- !u!1001 &1709527161
Prefab:
  m_ObjectHideFlags: 0
  serializedVersion: 2
  m_Modification:
    m_TransformParent: {fileID: 0}
    m_Modifications:
    - target: {fileID: 4804819365752910, guid: a34c3dba945f6ea4da9110f9d36730e2, type: 2}
      propertyPath: m_LocalPosition.x
      value: 6.44
      objectReference: {fileID: 0}
    - target: {fileID: 4804819365752910, guid: a34c3dba945f6ea4da9110f9d36730e2, type: 2}
      propertyPath: m_LocalPosition.y
      value: -2.24
      objectReference: {fileID: 0}
    - target: {fileID: 4804819365752910, guid: a34c3dba945f6ea4da9110f9d36730e2, type: 2}
      propertyPath: m_LocalPosition.z
      value: -0.22
      objectReference: {fileID: 0}
    - target: {fileID: 4804819365752910, guid: a34c3dba945f6ea4da9110f9d36730e2, type: 2}
      propertyPath: m_LocalRotation.x
      value: 0
      objectReference: {fileID: 0}
    - target: {fileID: 4804819365752910, guid: a34c3dba945f6ea4da9110f9d36730e2, type: 2}
      propertyPath: m_LocalRotation.y
      value: 0
      objectReference: {fileID: 0}
    - target: {fileID: 4804819365752910, guid: a34c3dba945f6ea4da9110f9d36730e2, type: 2}
      propertyPath: m_LocalRotation.z
      value: 0
      objectReference: {fileID: 0}
    - target: {fileID: 4804819365752910, guid: a34c3dba945f6ea4da9110f9d36730e2, type: 2}
      propertyPath: m_LocalRotation.w
      value: 1
      objectReference: {fileID: 0}
    - target: {fileID: 4804819365752910, guid: a34c3dba945f6ea4da9110f9d36730e2, type: 2}
      propertyPath: m_RootOrder
      value: 1
      objectReference: {fileID: 0}
    - target: {fileID: 1151414100182574, guid: a34c3dba945f6ea4da9110f9d36730e2, type: 2}
      propertyPath: m_Name
      value: EnemyPoint (1)
      objectReference: {fileID: 0}
    m_RemovedComponents: []
  m_ParentPrefab: {fileID: 100100000, guid: a34c3dba945f6ea4da9110f9d36730e2, type: 2}
  m_IsPrefabParent: 0
--- !u!4 &1709527162 stripped
Transform:
  m_PrefabParentObject: {fileID: 4804819365752910, guid: a34c3dba945f6ea4da9110f9d36730e2,
    type: 2}
  m_PrefabInternal: {fileID: 1709527161}
--- !u!1001 &1790100832
Prefab:
  m_ObjectHideFlags: 0
  serializedVersion: 2
  m_Modification:
    m_TransformParent: {fileID: 0}
    m_Modifications:
    - target: {fileID: 4419825845351878, guid: 77626bc6fd496b740bd92fc4967bf5e6, type: 2}
      propertyPath: m_LocalPosition.x
      value: 0
      objectReference: {fileID: 0}
    - target: {fileID: 4419825845351878, guid: 77626bc6fd496b740bd92fc4967bf5e6, type: 2}
      propertyPath: m_LocalPosition.y
      value: 0
      objectReference: {fileID: 0}
    - target: {fileID: 4419825845351878, guid: 77626bc6fd496b740bd92fc4967bf5e6, type: 2}
      propertyPath: m_LocalPosition.z
      value: -10
      objectReference: {fileID: 0}
    - target: {fileID: 4419825845351878, guid: 77626bc6fd496b740bd92fc4967bf5e6, type: 2}
      propertyPath: m_LocalRotation.x
      value: -0
      objectReference: {fileID: 0}
    - target: {fileID: 4419825845351878, guid: 77626bc6fd496b740bd92fc4967bf5e6, type: 2}
      propertyPath: m_LocalRotation.y
      value: -0
      objectReference: {fileID: 0}
    - target: {fileID: 4419825845351878, guid: 77626bc6fd496b740bd92fc4967bf5e6, type: 2}
      propertyPath: m_LocalRotation.z
      value: -0
      objectReference: {fileID: 0}
    - target: {fileID: 4419825845351878, guid: 77626bc6fd496b740bd92fc4967bf5e6, type: 2}
      propertyPath: m_LocalRotation.w
      value: 1
      objectReference: {fileID: 0}
    - target: {fileID: 4419825845351878, guid: 77626bc6fd496b740bd92fc4967bf5e6, type: 2}
      propertyPath: m_RootOrder
      value: 6
      objectReference: {fileID: 0}
    - target: {fileID: 114544715480398022, guid: 77626bc6fd496b740bd92fc4967bf5e6,
        type: 2}
      propertyPath: m_OnClick.m_PersistentCalls.m_Calls.Array.data[0].m_Target
      value: 
      objectReference: {fileID: 870019244}
    - target: {fileID: 114041747122181058, guid: 77626bc6fd496b740bd92fc4967bf5e6,
        type: 2}
      propertyPath: m_OnClick.m_PersistentCalls.m_Calls.Array.data[0].m_Target
      value: 
      objectReference: {fileID: 870019244}
    m_RemovedComponents: []
  m_ParentPrefab: {fileID: 100100000, guid: 77626bc6fd496b740bd92fc4967bf5e6, type: 2}
  m_IsPrefabParent: 0
--- !u!1 &1805241231
GameObject:
  m_ObjectHideFlags: 0
  m_PrefabParentObject: {fileID: 0}
  m_PrefabInternal: {fileID: 0}
  serializedVersion: 5
  m_Component:
  - component: {fileID: 1805241234}
  - component: {fileID: 1805241233}
  - component: {fileID: 1805241232}
  m_Layer: 0
  m_Name: EventSystem
  m_TagString: Untagged
  m_Icon: {fileID: 0}
  m_NavMeshLayer: 0
  m_StaticEditorFlags: 0
  m_IsActive: 1
--- !u!114 &1805241232
MonoBehaviour:
  m_ObjectHideFlags: 0
  m_PrefabParentObject: {fileID: 0}
  m_PrefabInternal: {fileID: 0}
  m_GameObject: {fileID: 1805241231}
  m_Enabled: 1
  m_EditorHideFlags: 0
  m_Script: {fileID: 1077351063, guid: f70555f144d8491a825f0804e09c671c, type: 3}
  m_Name: 
  m_EditorClassIdentifier: 
  m_HorizontalAxis: Horizontal
  m_VerticalAxis: Vertical
  m_SubmitButton: Submit
  m_CancelButton: Cancel
  m_InputActionsPerSecond: 10
  m_RepeatDelay: 0.5
  m_ForceModuleActive: 0
--- !u!114 &1805241233
MonoBehaviour:
  m_ObjectHideFlags: 0
  m_PrefabParentObject: {fileID: 0}
  m_PrefabInternal: {fileID: 0}
  m_GameObject: {fileID: 1805241231}
  m_Enabled: 1
  m_EditorHideFlags: 0
  m_Script: {fileID: -619905303, guid: f70555f144d8491a825f0804e09c671c, type: 3}
  m_Name: 
  m_EditorClassIdentifier: 
  m_FirstSelected: {fileID: 0}
  m_sendNavigationEvents: 1
  m_DragThreshold: 5
--- !u!4 &1805241234
Transform:
  m_ObjectHideFlags: 0
  m_PrefabParentObject: {fileID: 0}
  m_PrefabInternal: {fileID: 0}
  m_GameObject: {fileID: 1805241231}
  m_LocalRotation: {x: 0, y: 0, z: 0, w: 1}
  m_LocalPosition: {x: 0, y: 0, z: 0}
  m_LocalScale: {x: 1, y: 1, z: 1}
  m_Children: []
  m_Father: {fileID: 0}
  m_RootOrder: 7
  m_LocalEulerAnglesHint: {x: 0, y: 0, z: 0}
--- !u!1001 &1807504330
Prefab:
  m_ObjectHideFlags: 0
  serializedVersion: 2
  m_Modification:
    m_TransformParent: {fileID: 0}
    m_Modifications:
    - target: {fileID: 224008948758192938, guid: 3d5c00aefec344e4b8a0f82ae1581629,
        type: 2}
      propertyPath: m_LocalPosition.x
      value: 0
      objectReference: {fileID: 0}
    - target: {fileID: 224008948758192938, guid: 3d5c00aefec344e4b8a0f82ae1581629,
        type: 2}
      propertyPath: m_LocalPosition.y
      value: 0
      objectReference: {fileID: 0}
    - target: {fileID: 224008948758192938, guid: 3d5c00aefec344e4b8a0f82ae1581629,
        type: 2}
      propertyPath: m_LocalPosition.z
      value: 0
      objectReference: {fileID: 0}
    - target: {fileID: 224008948758192938, guid: 3d5c00aefec344e4b8a0f82ae1581629,
        type: 2}
      propertyPath: m_LocalRotation.x
      value: 0
      objectReference: {fileID: 0}
    - target: {fileID: 224008948758192938, guid: 3d5c00aefec344e4b8a0f82ae1581629,
        type: 2}
      propertyPath: m_LocalRotation.y
      value: 0
      objectReference: {fileID: 0}
    - target: {fileID: 224008948758192938, guid: 3d5c00aefec344e4b8a0f82ae1581629,
        type: 2}
      propertyPath: m_LocalRotation.z
      value: 0
      objectReference: {fileID: 0}
    - target: {fileID: 224008948758192938, guid: 3d5c00aefec344e4b8a0f82ae1581629,
        type: 2}
      propertyPath: m_LocalRotation.w
      value: 1
      objectReference: {fileID: 0}
    - target: {fileID: 224008948758192938, guid: 3d5c00aefec344e4b8a0f82ae1581629,
        type: 2}
      propertyPath: m_RootOrder
      value: 11
      objectReference: {fileID: 0}
    - target: {fileID: 224008948758192938, guid: 3d5c00aefec344e4b8a0f82ae1581629,
        type: 2}
      propertyPath: m_AnchoredPosition.x
      value: 0
      objectReference: {fileID: 0}
    - target: {fileID: 224008948758192938, guid: 3d5c00aefec344e4b8a0f82ae1581629,
        type: 2}
      propertyPath: m_AnchoredPosition.y
      value: 0
      objectReference: {fileID: 0}
    - target: {fileID: 224008948758192938, guid: 3d5c00aefec344e4b8a0f82ae1581629,
        type: 2}
      propertyPath: m_SizeDelta.x
      value: 0
      objectReference: {fileID: 0}
    - target: {fileID: 224008948758192938, guid: 3d5c00aefec344e4b8a0f82ae1581629,
        type: 2}
      propertyPath: m_SizeDelta.y
      value: 0
      objectReference: {fileID: 0}
    - target: {fileID: 224008948758192938, guid: 3d5c00aefec344e4b8a0f82ae1581629,
        type: 2}
      propertyPath: m_AnchorMin.x
      value: 0
      objectReference: {fileID: 0}
    - target: {fileID: 224008948758192938, guid: 3d5c00aefec344e4b8a0f82ae1581629,
        type: 2}
      propertyPath: m_AnchorMin.y
      value: 0
      objectReference: {fileID: 0}
    - target: {fileID: 224008948758192938, guid: 3d5c00aefec344e4b8a0f82ae1581629,
        type: 2}
      propertyPath: m_AnchorMax.x
      value: 0
      objectReference: {fileID: 0}
    - target: {fileID: 224008948758192938, guid: 3d5c00aefec344e4b8a0f82ae1581629,
        type: 2}
      propertyPath: m_AnchorMax.y
      value: 0
      objectReference: {fileID: 0}
    - target: {fileID: 224008948758192938, guid: 3d5c00aefec344e4b8a0f82ae1581629,
        type: 2}
      propertyPath: m_Pivot.x
      value: 0
      objectReference: {fileID: 0}
    - target: {fileID: 224008948758192938, guid: 3d5c00aefec344e4b8a0f82ae1581629,
        type: 2}
      propertyPath: m_Pivot.y
      value: 0
      objectReference: {fileID: 0}
    - target: {fileID: 114268910730007788, guid: 3d5c00aefec344e4b8a0f82ae1581629,
        type: 2}
      propertyPath: m_OnClick.m_PersistentCalls.m_Calls.Array.data[0].m_Target
      value: 
      objectReference: {fileID: 870019244}
    - target: {fileID: 114268910730007788, guid: 3d5c00aefec344e4b8a0f82ae1581629,
        type: 2}
      propertyPath: m_OnClick.m_PersistentCalls.m_Calls.Array.data[0].m_MethodName
      value: ReloadCurrent
      objectReference: {fileID: 0}
    - target: {fileID: 114282529347703354, guid: 3d5c00aefec344e4b8a0f82ae1581629,
        type: 2}
      propertyPath: m_OnClick.m_PersistentCalls.m_Calls.Array.data[0].m_Target
      value: 
      objectReference: {fileID: 870019244}
    - target: {fileID: 114282529347703354, guid: 3d5c00aefec344e4b8a0f82ae1581629,
        type: 2}
      propertyPath: m_OnClick.m_PersistentCalls.m_Calls.Array.data[0].m_MethodName
      value: QuitGame
      objectReference: {fileID: 0}
    - target: {fileID: 114689223661981010, guid: 3d5c00aefec344e4b8a0f82ae1581629,
        type: 2}
      propertyPath: m_OnClick.m_PersistentCalls.m_Calls.Array.data[0].m_Target
      value: 
      objectReference: {fileID: 870019244}
    - target: {fileID: 114689223661981010, guid: 3d5c00aefec344e4b8a0f82ae1581629,
        type: 2}
      propertyPath: m_OnClick.m_PersistentCalls.m_Calls.Array.data[0].m_MethodName
      value: LoadStartScreen
      objectReference: {fileID: 0}
    - target: {fileID: 114282529347703354, guid: 3d5c00aefec344e4b8a0f82ae1581629,
        type: 2}
      propertyPath: m_OnClick.m_PersistentCalls.m_Calls.Array.data[0].m_Mode
      value: 1
      objectReference: {fileID: 0}
    - target: {fileID: 1592357156916906, guid: 3d5c00aefec344e4b8a0f82ae1581629, type: 2}
      propertyPath: m_IsActive
      value: 1
      objectReference: {fileID: 0}
    m_RemovedComponents: []
  m_ParentPrefab: {fileID: 100100000, guid: 3d5c00aefec344e4b8a0f82ae1581629, type: 2}
  m_IsPrefabParent: 0
--- !u!4 &2038490973 stripped
Transform:
  m_PrefabParentObject: {fileID: 4670692725739888, guid: babab957387039343adbe326ff45b263,
    type: 2}
  m_PrefabInternal: {fileID: 1276050359}
